% Encoding: UTF-8

############ new added references, format unchecked in this part ##############
@book{rudin1976principles,
  title={Principles of mathematical analysis},
  author={Rudin, Walter and others},
  volume={3},
  year={1976}
}
@book{cover1999elements,
  title={Elements of information theory},
  author={Cover, Thomas M},
  year={1999},
  publisher={John Wiley \& Sons}
}
@book{fraleigh2003first,
  title={A first course in abstract algebra},
  author={Fraleigh, John B},
  year={2003},
  publisher={Pearson Education India}
}
@book{horn2012matrix,
  title={Matrix analysis},
  author={Horn, Roger A and Johnson, Charles R},
  year={2012},
  publisher={Cambridge university press}
}
@book{boyd2004convex,
  title={Convex optimization},
  author={Boyd, Stephen and Boyd, Stephen P and Vandenberghe, Lieven},
  year={2004},
  publisher={Cambridge university press}
}
@book{Aharon,
  title={OPTIMIZATION III},
  author={Aharon Ben-Tal and Arkadi Nemirovski},
  year={2013},
}
@book{van2000asymptotic,
  title={Asymptotic statistics},
  author={Van der Vaart, Aad W},
  volume={3},
  year={2000},
  publisher={Cambridge university press}
}
@book{mtnotes,
  title={Measure Theory First Handbook Notes},
  author={Christer Borell},
  year={2006},
}
@article{zhang2002covering,
  title={Covering number bounds of certain regularized linear function classes},
  author={Zhang, Tong},
  journal={Journal of Machine Learning Research},
  volume={2},
  number={Mar},
  pages={527--550},
  year={2002}
}

@book{Rice,
  title={Mathematical Statistics and Data Analysis},
  author={John A. Rice},
  year={2016}
 }
@book{mitnotes,
  title={STOCHASTIC PROCESSES DECTION ESTIMATION},
 }
@book{Statistics,
  title={Mathematical Statistics: Basic Ideas and Selected Topics},
  author={Peter J. Bickel},
  year={2015}
 }
 @book{durrett2019probability,
  title={Probability: theory and examples},
  author={Durrett, Rick},
  volume={49},
  year={2019},
  publisher={Cambridge university press}
}
####
#########################################  checked already ########################################
